%YAML 1.1
%TAG !u! tag:unity3d.com,2011:
--- !u!114 &5158554222093810210
MonoBehaviour:
  m_ObjectHideFlags: 0
  m_CorrespondingSourceObject: {fileID: 0}
  m_PrefabInstance: {fileID: 0}
  m_PrefabAsset: {fileID: 0}
  m_GameObject: {fileID: 2379904789126310219}
  m_Enabled: 1
  m_EditorHideFlags: 0
  m_Script: {fileID: 11500000, guid: 8c0583920b8b3f64fb1692606315faa4, type: 3}
  m_Name: 
  m_EditorClassIdentifier: 
  bacgroundScrollSpeed: 0.1
--- !u!1 &5158554221678856536
GameObject:
  m_ObjectHideFlags: 0
  m_CorrespondingSourceObject: {fileID: 0}
  m_PrefabInstance: {fileID: 0}
  m_PrefabAsset: {fileID: 0}
  serializedVersion: 6
  m_Component:
  - component: {fileID: 5158554221678856537}
  m_Layer: 0
  m_Name: Game Elements
  m_TagString: Untagged
  m_Icon: {fileID: 0}
  m_NavMeshLayer: 0
  m_StaticEditorFlags: 0
  m_IsActive: 1
--- !u!4 &5158554221678856537
Transform:
  m_ObjectHideFlags: 0
  m_CorrespondingSourceObject: {fileID: 0}
  m_PrefabInstance: {fileID: 0}
  m_PrefabAsset: {fileID: 0}
  m_GameObject: {fileID: 5158554221678856536}
  m_LocalRotation: {x: 0, y: 0, z: 0, w: 1}
  m_LocalPosition: {x: 316.17606, y: 604.5438, z: 1.8626038}
  m_LocalScale: {x: 1, y: 1, z: 1}
  m_Children:
  - {fileID: 1916901261900543594}
  - {fileID: 5158554221264630977}
  - {fileID: 6110185991075751754}
  - {fileID: 5158554220835555506}
  - {fileID: 5158554222603319590}
  m_Father: {fileID: 0}
  m_RootOrder: 0
  m_LocalEulerAnglesHint: {x: 0, y: 0, z: 0}
--- !u!1001 &1916901261486722221
PrefabInstance:
  m_ObjectHideFlags: 0
  serializedVersion: 2
  m_Modification:
    m_TransformParent: {fileID: 5158554221678856537}
    m_Modifications:
    - target: {fileID: 6704995840030406763, guid: 8af7b2d7dc41cff48aad5b8e02475e24,
        type: 3}
      propertyPath: m_Name
      value: Shredder top
      objectReference: {fileID: 0}
    - target: {fileID: 6704995840030406764, guid: 8af7b2d7dc41cff48aad5b8e02475e24,
        type: 3}
      propertyPath: m_LocalPosition.x
      value: 0.31
      objectReference: {fileID: 0}
    - target: {fileID: 6704995840030406764, guid: 8af7b2d7dc41cff48aad5b8e02475e24,
        type: 3}
      propertyPath: m_LocalPosition.y
      value: 5.87
      objectReference: {fileID: 0}
    - target: {fileID: 6704995840030406764, guid: 8af7b2d7dc41cff48aad5b8e02475e24,
        type: 3}
      propertyPath: m_LocalPosition.z
      value: 0
      objectReference: {fileID: 0}
    - target: {fileID: 6704995840030406764, guid: 8af7b2d7dc41cff48aad5b8e02475e24,
        type: 3}
      propertyPath: m_LocalRotation.x
      value: -0
      objectReference: {fileID: 0}
    - target: {fileID: 6704995840030406764, guid: 8af7b2d7dc41cff48aad5b8e02475e24,
        type: 3}
      propertyPath: m_LocalRotation.y
      value: -0
      objectReference: {fileID: 0}
    - target: {fileID: 6704995840030406764, guid: 8af7b2d7dc41cff48aad5b8e02475e24,
        type: 3}
      propertyPath: m_LocalRotation.z
      value: -0
      objectReference: {fileID: 0}
    - target: {fileID: 6704995840030406764, guid: 8af7b2d7dc41cff48aad5b8e02475e24,
        type: 3}
      propertyPath: m_LocalRotation.w
      value: 1
      objectReference: {fileID: 0}
    - target: {fileID: 6704995840030406764, guid: 8af7b2d7dc41cff48aad5b8e02475e24,
        type: 3}
      propertyPath: m_RootOrder
      value: 1
      objectReference: {fileID: 0}
    - target: {fileID: 6704995840030406764, guid: 8af7b2d7dc41cff48aad5b8e02475e24,
        type: 3}
      propertyPath: m_LocalEulerAnglesHint.x
      value: 0
      objectReference: {fileID: 0}
    - target: {fileID: 6704995840030406764, guid: 8af7b2d7dc41cff48aad5b8e02475e24,
        type: 3}
      propertyPath: m_LocalEulerAnglesHint.y
      value: 0
      objectReference: {fileID: 0}
    - target: {fileID: 6704995840030406764, guid: 8af7b2d7dc41cff48aad5b8e02475e24,
        type: 3}
      propertyPath: m_LocalEulerAnglesHint.z
      value: 0
      objectReference: {fileID: 0}
    - target: {fileID: 6704995840030406764, guid: 8af7b2d7dc41cff48aad5b8e02475e24,
        type: 3}
      propertyPath: m_LocalScale.x
      value: 20.945257
      objectReference: {fileID: 0}
    - target: {fileID: 6704995840030406764, guid: 8af7b2d7dc41cff48aad5b8e02475e24,
        type: 3}
      propertyPath: m_LocalScale.y
      value: 1.0003
      objectReference: {fileID: 0}
    m_RemovedComponents: []
  m_SourcePrefab: {fileID: 100100000, guid: 8af7b2d7dc41cff48aad5b8e02475e24, type: 3}
--- !u!4 &5158554221264630977 stripped
Transform:
  m_CorrespondingSourceObject: {fileID: 6704995840030406764, guid: 8af7b2d7dc41cff48aad5b8e02475e24,
    type: 3}
  m_PrefabInstance: {fileID: 1916901261486722221}
  m_PrefabAsset: {fileID: 0}
--- !u!1001 &4656423855439413085
PrefabInstance:
  m_ObjectHideFlags: 0
  serializedVersion: 2
  m_Modification:
    m_TransformParent: {fileID: 5158554221678856537}
    m_Modifications:
    - target: {fileID: 506704886744758250, guid: 1ce2fab0e1e93654fb355c142b345273,
        type: 3}
      propertyPath: m_Name
      value: Starfield Far
      objectReference: {fileID: 0}
    - target: {fileID: 506704886744758255, guid: 1ce2fab0e1e93654fb355c142b345273,
        type: 3}
      propertyPath: m_LocalPosition.x
      value: 0.03
      objectReference: {fileID: 0}
    - target: {fileID: 506704886744758255, guid: 1ce2fab0e1e93654fb355c142b345273,
        type: 3}
      propertyPath: m_LocalPosition.y
      value: 8.05
      objectReference: {fileID: 0}
    - target: {fileID: 506704886744758255, guid: 1ce2fab0e1e93654fb355c142b345273,
        type: 3}
      propertyPath: m_LocalPosition.z
      value: 0
      objectReference: {fileID: 0}
    - target: {fileID: 506704886744758255, guid: 1ce2fab0e1e93654fb355c142b345273,
        type: 3}
      propertyPath: m_LocalRotation.x
      value: -0.0031903933
      objectReference: {fileID: 0}
    - target: {fileID: 506704886744758255, guid: 1ce2fab0e1e93654fb355c142b345273,
        type: 3}
      propertyPath: m_LocalRotation.y
      value: 0.70709956
      objectReference: {fileID: 0}
    - target: {fileID: 506704886744758255, guid: 1ce2fab0e1e93654fb355c142b345273,
        type: 3}
      propertyPath: m_LocalRotation.z
      value: -0.7070997
      objectReference: {fileID: 0}
    - target: {fileID: 506704886744758255, guid: 1ce2fab0e1e93654fb355c142b345273,
        type: 3}
      propertyPath: m_LocalRotation.w
      value: 0.0031904867
      objectReference: {fileID: 0}
    - target: {fileID: 506704886744758255, guid: 1ce2fab0e1e93654fb355c142b345273,
        type: 3}
      propertyPath: m_RootOrder
      value: 3
      objectReference: {fileID: 0}
    - target: {fileID: 506704886744758255, guid: 1ce2fab0e1e93654fb355c142b345273,
        type: 3}
      propertyPath: m_LocalEulerAnglesHint.x
      value: -269.483
      objectReference: {fileID: 0}
    - target: {fileID: 506704886744758255, guid: 1ce2fab0e1e93654fb355c142b345273,
        type: 3}
      propertyPath: m_LocalEulerAnglesHint.y
      value: -90.00101
      objectReference: {fileID: 0}
    - target: {fileID: 506704886744758255, guid: 1ce2fab0e1e93654fb355c142b345273,
        type: 3}
      propertyPath: m_LocalEulerAnglesHint.z
      value: 89.99899
      objectReference: {fileID: 0}
    - target: {fileID: 506704886744758255, guid: 1ce2fab0e1e93654fb355c142b345273,
        type: 3}
      propertyPath: m_LocalScale.x
      value: 1.0500007
      objectReference: {fileID: 0}
    m_RemovedComponents: []
  m_SourcePrefab: {fileID: 100100000, guid: 1ce2fab0e1e93654fb355c142b345273, type: 3}
--- !u!4 &5158554220835555506 stripped
Transform:
  m_CorrespondingSourceObject: {fileID: 506704886744758255, guid: 1ce2fab0e1e93654fb355c142b345273,
    type: 3}
  m_PrefabInstance: {fileID: 4656423855439413085}
  m_PrefabAsset: {fileID: 0}
--- !u!1001 &5158554220582899206
PrefabInstance:
  m_ObjectHideFlags: 0
  serializedVersion: 2
  m_Modification:
    m_TransformParent: {fileID: 5158554221678856537}
    m_Modifications:
    - target: {fileID: 6704995840030406763, guid: 8af7b2d7dc41cff48aad5b8e02475e24,
        type: 3}
      propertyPath: m_Name
      value: Shredder bottom
      objectReference: {fileID: 0}
    - target: {fileID: 6704995840030406764, guid: 8af7b2d7dc41cff48aad5b8e02475e24,
        type: 3}
      propertyPath: m_LocalPosition.x
      value: -0.22
      objectReference: {fileID: 0}
    - target: {fileID: 6704995840030406764, guid: 8af7b2d7dc41cff48aad5b8e02475e24,
        type: 3}
      propertyPath: m_LocalPosition.y
      value: -5.88
      objectReference: {fileID: 0}
    - target: {fileID: 6704995840030406764, guid: 8af7b2d7dc41cff48aad5b8e02475e24,
        type: 3}
      propertyPath: m_LocalPosition.z
      value: 0
      objectReference: {fileID: 0}
    - target: {fileID: 6704995840030406764, guid: 8af7b2d7dc41cff48aad5b8e02475e24,
        type: 3}
      propertyPath: m_LocalRotation.x
      value: -0
      objectReference: {fileID: 0}
    - target: {fileID: 6704995840030406764, guid: 8af7b2d7dc41cff48aad5b8e02475e24,
        type: 3}
      propertyPath: m_LocalRotation.y
      value: -0
      objectReference: {fileID: 0}
    - target: {fileID: 6704995840030406764, guid: 8af7b2d7dc41cff48aad5b8e02475e24,
        type: 3}
      propertyPath: m_LocalRotation.z
      value: -0
      objectReference: {fileID: 0}
    - target: {fileID: 6704995840030406764, guid: 8af7b2d7dc41cff48aad5b8e02475e24,
        type: 3}
      propertyPath: m_LocalRotation.w
      value: 1
      objectReference: {fileID: 0}
    - target: {fileID: 6704995840030406764, guid: 8af7b2d7dc41cff48aad5b8e02475e24,
        type: 3}
      propertyPath: m_RootOrder
      value: 0
      objectReference: {fileID: 0}
    - target: {fileID: 6704995840030406764, guid: 8af7b2d7dc41cff48aad5b8e02475e24,
        type: 3}
      propertyPath: m_LocalEulerAnglesHint.x
      value: 0
      objectReference: {fileID: 0}
    - target: {fileID: 6704995840030406764, guid: 8af7b2d7dc41cff48aad5b8e02475e24,
        type: 3}
      propertyPath: m_LocalEulerAnglesHint.y
      value: 0
      objectReference: {fileID: 0}
    - target: {fileID: 6704995840030406764, guid: 8af7b2d7dc41cff48aad5b8e02475e24,
        type: 3}
      propertyPath: m_LocalEulerAnglesHint.z
      value: 0
      objectReference: {fileID: 0}
    - target: {fileID: 6704995840030406764, guid: 8af7b2d7dc41cff48aad5b8e02475e24,
        type: 3}
      propertyPath: m_LocalScale.x
      value: 20.945257
      objectReference: {fileID: 0}
    m_RemovedComponents: []
  m_SourcePrefab: {fileID: 100100000, guid: 8af7b2d7dc41cff48aad5b8e02475e24, type: 3}
--- !u!4 &1916901261900543594 stripped
Transform:
  m_CorrespondingSourceObject: {fileID: 6704995840030406764, guid: 8af7b2d7dc41cff48aad5b8e02475e24,
    type: 3}
  m_PrefabInstance: {fileID: 5158554220582899206}
  m_PrefabAsset: {fileID: 0}
--- !u!1001 &5849684517784617021
PrefabInstance:
  m_ObjectHideFlags: 0
  serializedVersion: 2
  m_Modification:
    m_TransformParent: {fileID: 5158554221678856537}
    m_Modifications:
    - target: {fileID: 1637230712240945430, guid: 14504d6fcd1653a4cb5a615908c1f441,
        type: 3}
      propertyPath: m_Name
      value: Starfield Clos
      objectReference: {fileID: 0}
    - target: {fileID: 1637230712240945435, guid: 14504d6fcd1653a4cb5a615908c1f441,
        type: 3}
      propertyPath: m_LocalPosition.x
      value: 0.7
      objectReference: {fileID: 0}
    - target: {fileID: 1637230712240945435, guid: 14504d6fcd1653a4cb5a615908c1f441,
        type: 3}
      propertyPath: m_LocalPosition.y
      value: 8.68
      objectReference: {fileID: 0}
    - target: {fileID: 1637230712240945435, guid: 14504d6fcd1653a4cb5a615908c1f441,
        type: 3}
      propertyPath: m_LocalPosition.z
      value: 0
      objectReference: {fileID: 0}
    - target: {fileID: 1637230712240945435, guid: 14504d6fcd1653a4cb5a615908c1f441,
        type: 3}
      propertyPath: m_LocalRotation.x
      value: -0.0031903933
      objectReference: {fileID: 0}
    - target: {fileID: 1637230712240945435, guid: 14504d6fcd1653a4cb5a615908c1f441,
        type: 3}
      propertyPath: m_LocalRotation.y
      value: 0.70709956
      objectReference: {fileID: 0}
    - target: {fileID: 1637230712240945435, guid: 14504d6fcd1653a4cb5a615908c1f441,
        type: 3}
      propertyPath: m_LocalRotation.z
      value: -0.7070997
      objectReference: {fileID: 0}
    - target: {fileID: 1637230712240945435, guid: 14504d6fcd1653a4cb5a615908c1f441,
        type: 3}
      propertyPath: m_LocalRotation.w
      value: 0.0031904867
      objectReference: {fileID: 0}
    - target: {fileID: 1637230712240945435, guid: 14504d6fcd1653a4cb5a615908c1f441,
        type: 3}
      propertyPath: m_RootOrder
      value: 4
      objectReference: {fileID: 0}
    - target: {fileID: 1637230712240945435, guid: 14504d6fcd1653a4cb5a615908c1f441,
        type: 3}
      propertyPath: m_LocalEulerAnglesHint.x
      value: -269.483
      objectReference: {fileID: 0}
    - target: {fileID: 1637230712240945435, guid: 14504d6fcd1653a4cb5a615908c1f441,
        type: 3}
      propertyPath: m_LocalEulerAnglesHint.y
      value: -90.00101
      objectReference: {fileID: 0}
    - target: {fileID: 1637230712240945435, guid: 14504d6fcd1653a4cb5a615908c1f441,
        type: 3}
      propertyPath: m_LocalEulerAnglesHint.z
      value: 89.99899
      objectReference: {fileID: 0}
    - target: {fileID: 1637230712240945435, guid: 14504d6fcd1653a4cb5a615908c1f441,
        type: 3}
      propertyPath: m_LocalScale.x
      value: 1.0500007
      objectReference: {fileID: 0}
    m_RemovedComponents: []
  m_SourcePrefab: {fileID: 100100000, guid: 14504d6fcd1653a4cb5a615908c1f441, type: 3}
--- !u!4 &5158554222603319590 stripped
Transform:
  m_CorrespondingSourceObject: {fileID: 1637230712240945435, guid: 14504d6fcd1653a4cb5a615908c1f441,
    type: 3}
  m_PrefabInstance: {fileID: 5849684517784617021}
  m_PrefabAsset: {fileID: 0}
--- !u!1001 &6221678645488354610
PrefabInstance:
  m_ObjectHideFlags: 0
  serializedVersion: 2
  m_Modification:
    m_TransformParent: {fileID: 5158554221678856537}
    m_Modifications:
    - target: {fileID: 188141877895422584, guid: 985884e9b1ea5d34e8f05166381a7a93,
        type: 3}
      propertyPath: m_LocalPosition.x
      value: 0
      objectReference: {fileID: 0}
    - target: {fileID: 188141877895422584, guid: 985884e9b1ea5d34e8f05166381a7a93,
        type: 3}
      propertyPath: m_LocalPosition.y
      value: 0
      objectReference: {fileID: 0}
    - target: {fileID: 188141877895422584, guid: 985884e9b1ea5d34e8f05166381a7a93,
        type: 3}
      propertyPath: m_LocalPosition.z
      value: 5
      objectReference: {fileID: 0}
    - target: {fileID: 188141877895422584, guid: 985884e9b1ea5d34e8f05166381a7a93,
        type: 3}
      propertyPath: m_LocalRotation.x
      value: -0
      objectReference: {fileID: 0}
    - target: {fileID: 188141877895422584, guid: 985884e9b1ea5d34e8f05166381a7a93,
        type: 3}
      propertyPath: m_LocalRotation.y
      value: -0
      objectReference: {fileID: 0}
    - target: {fileID: 188141877895422584, guid: 985884e9b1ea5d34e8f05166381a7a93,
        type: 3}
      propertyPath: m_LocalRotation.z
      value: -0
      objectReference: {fileID: 0}
    - target: {fileID: 188141877895422584, guid: 985884e9b1ea5d34e8f05166381a7a93,
        type: 3}
      propertyPath: m_LocalRotation.w
      value: 1
      objectReference: {fileID: 0}
    - target: {fileID: 188141877895422584, guid: 985884e9b1ea5d34e8f05166381a7a93,
        type: 3}
      propertyPath: m_RootOrder
      value: 2
      objectReference: {fileID: 0}
    - target: {fileID: 188141877895422584, guid: 985884e9b1ea5d34e8f05166381a7a93,
        type: 3}
      propertyPath: m_LocalEulerAnglesHint.x
      value: 0
      objectReference: {fileID: 0}
    - target: {fileID: 188141877895422584, guid: 985884e9b1ea5d34e8f05166381a7a93,
        type: 3}
      propertyPath: m_LocalEulerAnglesHint.y
      value: 0
      objectReference: {fileID: 0}
    - target: {fileID: 188141877895422584, guid: 985884e9b1ea5d34e8f05166381a7a93,
        type: 3}
      propertyPath: m_LocalEulerAnglesHint.z
      value: 0
      objectReference: {fileID: 0}
    - target: {fileID: 8597592725952949369, guid: 985884e9b1ea5d34e8f05166381a7a93,
        type: 3}
      propertyPath: m_Name
      value: Background
      objectReference: {fileID: 0}
    m_RemovedComponents: []
  m_SourcePrefab: {fileID: 100100000, guid: 985884e9b1ea5d34e8f05166381a7a93, type: 3}
--- !u!1 &2379904789126310219 stripped
GameObject:
  m_CorrespondingSourceObject: {fileID: 8597592725952949369, guid: 985884e9b1ea5d34e8f05166381a7a93,
    type: 3}
  m_PrefabInstance: {fileID: 6221678645488354610}
  m_PrefabAsset: {fileID: 0}
--- !u!4 &6110185991075751754 stripped
Transform:
  m_CorrespondingSourceObject: {fileID: 188141877895422584, guid: 985884e9b1ea5d34e8f05166381a7a93,
    type: 3}
  m_PrefabInstance: {fileID: 6221678645488354610}
  m_PrefabAsset: {fileID: 0}
